<?xml version="1.0" encoding="utf-8"?>
<record xmlns="http://www.loc.gov/MARC21/slim" xmlns:xsi="http://www.w3.org/2001/XMLSchema-instance" xsi:schemaLocation="http://www.loc.gov/MARC21/slim http://www.loc.gov/standards/marcxml/schema/MARC21slim.xsd">
	<leader>
		03006nam a2200421   4500
	</leader>
	<controlfield tag="001">
		330357
	</controlfield>
	<controlfield tag="003">
		NjP
	</controlfield>
	<controlfield tag="006">
		m        d        
	</controlfield>
	<controlfield tag="007">
		cr cn |||m|||a
	</controlfield>
	<controlfield tag="008">
		151222s196u    ir      o     000 0 arard
	</controlfield>
	<datafield ind1=" " ind2=" " tag="040">
		<subfield code="a">
			NNU
		</subfield>
		<subfield code="b">
			eng
		</subfield>
		<subfield code="e">
			rda
		</subfield>
		<subfield code="c">
			NNU
		</subfield>
	</datafield>
	<datafield ind1="1" ind2=" " tag="100">
		<subfield code="6">
			880-01
		</subfield>
		<subfield code="a">
			Taftāzānī, Masʻūd ibn ʻUmar,
		</subfield>
		<subfield code="d">
			1322-1389?
		</subfield>
	</datafield>
	<datafield ind1="1" ind2="0" tag="240">
		<subfield code="6">
			880-02
		</subfield>
		<subfield code="a">
			Mukhtaṣar al-Maʻānī
		</subfield>
	</datafield>
	<datafield ind1="1" ind2="0" tag="245">
		<subfield code="6">
			880-03
		</subfield>
		<subfield code="a">
			Sharḥ al-Mukhtaṣar ʻalá Talkhīṣ al-Miftāḥ lil-Khaṭīb al-Qazwīnī fī al-maʻānī wa-al-bayān wa-al-badīʻ /
		</subfield>
		<subfield code="c">
			li-Saʻd al-Dīn al-Taftāzānī ; wa-qad rattaba ṭabʻihi wa-ʻallaqa ḥawāshīhi wa-zāda fī shawāhidihi ʻAbd al-Muttaʻāl al-Ṣaʻīdī.
		</subfield>
	</datafield>
	<datafield ind1=" " ind2=" " tag="260">
		<subfield code="6">
			880-04
		</subfield>
		<subfield code="a">
			Qum :
		</subfield>
		<subfield code="b">
			Kitābfurūshī-i Katabī Najafī,
		</subfield>
		<subfield code="c">
			[196-?]
		</subfield>
	</datafield>
	<datafield ind1=" " ind2=" " tag="300">
		<subfield code="a">
			online resource (2 volumes in 1)
		</subfield>
	</datafield>
	<datafield ind1=" " ind2=" " tag="336">
		<subfield code="a">
			text
		</subfield>
		<subfield code="2">
			rdacontent
		</subfield>
	</datafield>
	<datafield ind1=" " ind2=" " tag="337">
		<subfield code="a">
			computer
		</subfield>
		<subfield code="2">
			rdamedia
		</subfield>
	</datafield>
	<datafield ind1=" " ind2=" " tag="338">
		<subfield code="a">
			online resource
		</subfield>
		<subfield code="2">
			rdacarrier
		</subfield>
	</datafield>
	<datafield ind1=" " ind2=" " tag="500">
		<subfield code="a">
			A commentary by al-Taftāzānī on Talkhīṣ al-Miftāḥ by al-Qazwīnī. The latter work is itself an extract from al-Sakkākī's Miftāḥ al-ʻulūm part 3 (ʻIlm al-maʻānī wa-al-bayān).
		</subfield>
	</datafield>
	<datafield ind1=" " ind2=" " tag="500">
		<subfield code="a">
			Part of the Arabic Collections Online (ACO) project, contributed by Princeton University Libraries.
		</subfield>
	</datafield>
	<datafield ind1=" " ind2=" " tag="533">
		<subfield code="a">
			Electronic reproduction.
		</subfield>
		<subfield code="b">
			New York, N.Y. :
		</subfield>
		<subfield code="c">
			New York University,
		</subfield>
		<subfield code="d">
			2015.
		</subfield>
		<subfield code="5">
			NNU
		</subfield>
	</datafield>
	<datafield ind1="1" ind2="0" tag="600">
		<subfield code="6">
			880-05
		</subfield>
		<subfield code="a">
			Qazwīnī, Jalāl al-Dīn Muḥammad ibn ʻAbd al-Raḥmān,
		</subfield>
		<subfield code="d">
			1267 or 1268-1338.
		</subfield>
		<subfield code="t">
			Talkhīṣ al-Miftāḥ. 
		</subfield>
	</datafield>
	<datafield ind1=" " ind2="0" tag="650">
		<subfield code="a">
			Arabic language
		</subfield>
		<subfield code="x">
			Rhetoric.
		</subfield>
	</datafield>
	<datafield ind1="1" ind2=" " tag="700">
		<subfield code="6">
			880-06
		</subfield>
		<subfield code="a">
			Ṣaʻīdī, ʻAbd al-Muttaʻāl.
		</subfield>
	</datafield>
	<datafield ind1="1" ind2=" " tag="700">
		<subfield code="a">
			Qazwīnī, Jalāl al-Dīn Muḥammad ibn ʻAbd al-Raḥmān,
		</subfield>
		<subfield code="d">
			1267 or 1268-1338.
		</subfield>
		<subfield code="t">
			Talkhīṣ al-Miftāḥ.
		</subfield>
	</datafield>
	<datafield ind1="2" ind2=" " tag="710">
		<subfield code="a">
			Princeton University.
		</subfield>
		<subfield code="b">
			Library.
		</subfield>
	</datafield>
	<datafield ind1="0" ind2=" " tag="730">
		<subfield code="a">
			Arabic Collections Online.
		</subfield>
	</datafield>
	<datafield ind1="0" ind2="8" tag="776">
		<subfield code="i">
			Print version:
		</subfield>
		<subfield code="a">
			Taftāzānī, Masʻūd ibn ʻUmar, 1322-1389?
		</subfield>
		<subfield code="t">
			Sharḥ al-Mukhtaṣar ʻalá Talkhīṣ al-Miftāḥ lil-Khaṭīb al-Qazwīnī fī al-maʻānī wa-al-bayān wa-al-badīʻ
		</subfield>
		<subfield code="w">
			(NjP)330357
		</subfield>
		<subfield code="w">
			(OCoLC)122817441
		</subfield>
	</datafield>
	<datafield ind1="4" ind2="0" tag="856">
		<subfield code="u">
			http://hdl.handle.net/2333.1/qrfj6t4r
		</subfield>
	</datafield>
	<datafield ind1="1" ind2=" " tag="880">
		<subfield code="6">
			100-01/r
		</subfield>
		<subfield code="a">
			تفتازاني، مسعود بن عمر،
		</subfield>
		<subfield code="d">
			1322-1389؟
		</subfield>
	</datafield>
	<datafield ind1="1" ind2="0" tag="880">
		<subfield code="6">
			240-02/r
		</subfield>
		<subfield code="a">
			مختصر المعاني
		</subfield>
	</datafield>
	<datafield ind1="1" ind2="0" tag="880">
		<subfield code="6">
			245-03/r
		</subfield>
		<subfield code="a">
			شرح المختصر على تلخيص المفتاح للخطيب القزويني في المعاني والبيان والبديع /
		</subfield>
		<subfield code="c">
			لسعد الدين التفتازاني ؛ وقد رتب طبعه وعلق حواشيه وزاد في شواهده عبد المتعال الصعيدي.
		</subfield>
	</datafield>
	<datafield ind1=" " ind2=" " tag="880">
		<subfield code="6">
			260-04/r
		</subfield>
		<subfield code="a">
			قم :
		</subfield>
		<subfield code="b">
			كتابفروشي كتبي نجفي،
		</subfield>
		<subfield code="c">
			[196-?]
		</subfield>
	</datafield>
	<datafield ind1="1" ind2="4" tag="880">
		<subfield code="6">
			600-05/r
		</subfield>
		<subfield code="a">
			قزويني، جلال الدين محمد بن عبد الرحمن،
		</subfield>
		<subfield code="d">
			1267 or 1268-1338. 
		</subfield>
		<subfield code="t">
			تلخيص المفتاح. 
		</subfield>
	</datafield>
	<datafield ind1="1" ind2=" " tag="880">
		<subfield code="6">
			700-06/r
		</subfield>
		<subfield code="a">
			صعيدي، عبد المتعال.
		</subfield>
	</datafield>
	<datafield ind1=" " ind2=" " tag="959">
		<subfield code="a">
			NNU
		</subfield>
		<subfield code="b">
			WEB
		</subfield>
		<subfield code="c">
			GENI
		</subfield>
		<subfield code="t">
			0
		</subfield>
		<subfield code="m">
			Electronic access
		</subfield>
		<subfield code="s">
			01
		</subfield>
	</datafield>
	<datafield ind1=" " ind2=" " tag="999">
		<subfield code="i">
			NjP_330357
		</subfield>
		<subfield code="o">
			(OCoLC)ocn122817441
		</subfield>
		<subfield code="s">
			princeton_aco000012
		</subfield>
		<subfield code="e">
			(ERROR-880)
		</subfield>
		<subfield code="s">
			princeton_aco000012
		</subfield>
	</datafield>
</record>
